@misc{Chandra_2023, title={Create a new level=2 event file - ciao 4.16}, url={https://cxc.cfa.harvard.edu/ciao/threads/createL2/}, journal={Create a New Level=2 Event File - CIAO 4.16}, author={Chandra, Chandra}, year={2023}, month={Oct}} 

@misc{Doe_2023, title={Filtering data}, url={https://cxc.cfa.harvard.edu/ciao/threads/filter/}, journal={CIAO 4.16}, author={Doe, John}, year={2023}, month={Oct}} 

@misc{Doe1_2023, title={Sherpa: Ciao’s modeling &amp; fitting application - ciao 4.16 sherpa}, url={https://cxc.cfa.harvard.edu/sherpa/}, journal={Sherpa: CIAO’s Modeling &amp; Fitting Application - CIAO 4.16 Sherpa}, author={Doe 1, Jane}, year={2023}, month={Dec}} 

@misc{Information@eso.org_2020, title={Gravitational lensing}, url={https://esahubble.org/wordbank/gravitational-lensing/#:~:text=Gravitational%20lensing%20occurs%20when%20a,accordingly%20called%20a%20gravitational%20lens.}, journal={ESA/Hubble | ESA/Hubble}, author={Information@eso.org, Hubble}, year={2020}} 

@misc{earthsky.com_2021, title={What is gravitational lensing?}, url={https://earthsky.org/space/what-is-gravitational-lensing-einstein-ring/}, journal={EarthSky}, author={earthsky.com, Earthsky}, year={2021}, month={Sep}} 
